% Encoding: UTF-8

@Article{kmurphy,
  author  = {Kevin Murphy},
  title   = {Software for graphical models : a review},
  journal = {ISBA Bulletin},
  year    = {2007},
}

@Misc{murphylist,
  author = {Kevin Murphy},
  title  = {Software Packages for Graphical Models},
  owner  = {Kevin Murphy},
  url    = {https://www.cs.ubc.ca/~murphyk/Software/bnsoft.html},
}

@PhdThesis{Smail,
  author = {Linda Smail},
  title  = {Algorithmique pour les R´eseaux Bay´esiens et leurs extensions},
  school = {Université de Marne la Vallée},
  year   = {2004},
}

@PhdThesis{reseau,
  author = {Salem Benferhat Salma Smaoui},
  title  = {Réseaux causaux possibilistes pour le traitement des interventions},
  school = {CRIL,Université d’Artois},
  year   = {2007},
}

@Comment{jabref-meta: databaseType:bibtex;}
